@Book{Rybicka,
    author = "Rybička, Jiří",
    title = "\LaTeX\ pro začátečníky",
    publisher = "Konvoj",
    year = "2003",
    cited = "2021-18-4",
    edition = "3",
    address = "Brno",
    isbn = "80--7302--049--1",
}
@Book{Kopkac,
	author = {Helmut. KOPKA and Patrick W. DALY},
	title = {Guide to LaTeX},
	chapter = {Introduction},
	publisher = {Addison-Wesley},
	address = {Boston},
	year = {2004},
	cited = "2021-18-4",
	edition = {4},
	ISBN = {03-2117-385-6},
}
@Misc{Butterick,
    author = "Butterick, Matthew",
    title = "What is good typography?",
    year = 2010,
    cited = "2021-18-4",
    publisher = "Matthew Butterick",
    url = "http://practicaltypography.com/what-is-good-typography.html"
}
@Misc{Overleaf,
    author = "Overleaf",
    title = "Learn \LaTeX in 30 minutes",
    howpublished = "online",
    revised = "{\copyright}2012",
    cited = "2021-18-4",
    url = "\url{https://www.overleaf.com/learn/latex/Learn_LaTeX_in_30_minutes}",
}
@Misc{Brabec,
    author = "Brabec, Stanislav",
    title = "\TeX\ pro každého -- stručný úvod do typografie",
    howpublished = "online",
    revised = "{\copyright}2002",
    year = "2002",
    cited = "2021-18-4",
    url = "http://www.root.cz/clanky/strucny-uvod-do-typografie/",
}
@Misc{Typo,
    author = "Typo, z. s.",
    title = "Typo",
    subtitle = "typografie, grafický design, vizuální komunikace",
    note = "Praha: Svět tisku, 2003-2012. ISSN 1214-0716. 4x ročně.",
    year = "2002",
}
@Article{Typografia-1,
    author = "Kalaš, Antonín",
    title = "Časopis pro technické a společenské zájmy knihtiskařů",
    journal = "Typografia",
    volume = "10",
    year = "1897",
    cited = "2021-18-4",
    number = "1",
    issn = "0322-9068"
}
@Article{Typografia-2,
    author = "Polygrafický průmysl Praha (firma)",
    title = "Časopis pro technické a společenské zájmy knihtiskařů",
    journal = "Typografia",
    volume = "20",
    year = "1909",
    cited = "2021-18-4",
    number = "1",
    issn = "0322-9068",
}
@BachelorThesis{Bakalarka,
    author = "Lucie Kocourková",
    title = "Sazba tabulek \LaTeX em",
    school = "UNIVERZITA PALACKÉHO V OLOMOUCI přírodovědecká fakulta",
    address = "Olomouc",
    year = "2013",
    cited = "2021-18-4",
}
@MasterThesis{Diplomka,
    author = "Martina Uhlířová",
    title = "Typografie web designu",
    school = "UNIVERZITA KARLOVA V PRAZE Filozofická fakulta",
    address = "Praha",
    year = "2016",
    cited = "2021-18-4",
}